% This file was created with JabRef 2.3.1.
% Encoding: UTF-8

@MANUAL{WEF1992,
  title = {Design of Municipal Wastewater Treatment Plants Volume I},
  author = {Water Environment Federation and American Society of Civil Engineers},
  year = {1992},
  owner = {harishcm},
  timestamp = {2009.09.09}
}

@BOOKLET{Metropolitan2005,
  title = {Housing Types},
  author = {Metropolitan Design Center, {College of Architecture and Landscape
	Architecture}, University of Minnesota},
  howpublished = {Originally prepared for the Northwest Corridor Development Approach},
  month = {06},
  year = {2005},
  institution = {University of Minnesota},
  owner = {harishcm},
  timestamp = {2009.09.09},
  url = {http://www.housinginitiative.org/pdfs/Housing\%20Types/Housing_Types_Sheets.pdf}
}

@TECHREPORT{TenStates2004,
  author = {Ten States Standards},
  title = {Recommended Standards for Wastewater Facilities},
  institution = {Great Lakes-Upper Mississippi River Board of State and Provincial
	Public Health and Environmental Managers},
  year = {2004},
  note = {Known as "Ten States Standards".},
  owner = {harishcm},
  timestamp = {2009.09.09},
  url = {http://10statesstandards.com/wastewaterstandards.html}
}

@BOOK{Metcalf2003,
  title = {Wastewater Engineering: Treatment and Reuse},
  publisher = {McGraw-Hall Professional},
  year = {2003},
  author = {Tchobanoglous, George and Burton, Franklin Louis and Stensel, H.
	David and {Metcalf \& Eddy, Inc.}},
  edition = {4},
  owner = {harishcm},
  timestamp = {2009.09.09}
}

@BOOKLET{UNEP2004,
  title = {Guidelines on Municipal Wastewater Management},
  author = {UNEP and WHO and HABITAT and WSSCC},
  howpublished = {UNEP/GPA, GPA Coordination Office},
  address = {The Hague, The Netherlands},
  year = {2004},
  owner = {harishcm},
  timestamp = {2009.09.09},
  url = {http://esa.un.org/iys/docs/san_lib_docs/guidelines_on_municipal_wastewater_english.pdf}
}

