% This file was created with JabRef 2.3.1.
% Encoding: UTF-8

@MISC{Belov2006,
  author = {Michail Belov},
  howpublished = {Digital Photograph},
  year = {2006},
  owner = {harishcm},
  timestamp = {2008.12.01},
  url = {http://www.chileflora.com/Florachilena/ImagesHigh/IMG_0874.jpg}
}

@MISC{Conrad2008,
  author = {Jim Conrad},
  howpublished = {Digital Photograph},
  year = {2008},
  abstract = {Soapy solution made from Sapindus saponaria fruits. 
              They were soaked for a few days and then squeezed. 
              This isn't the usual/traditional way of making such soap.},
  owner = {harishcm},
  timestamp = {2008.12.01}
}

@MISC{Gibbons2006,
  author = {Robert J. Gibbons},
  howpublished = {Digital Photograph},
  year = {2006},
  owner = {harishcm},
  timestamp = {2008.12.01},
  url = {http://www.ars-grin.gov/~sbmljw/cgi-bin/dispturl.pl?4035}
}

@MISC{Hlasek,
  author = {Josef Hlasek},
  howpublished = {Digital Photograph},
  owner = {harishcm},
  timestamp = {2008.12.01},
  url = {http://www.hlasek.com/Saponaria_officinalis_4957.html}
}

@MISC{PFAF,
  author = {PFAF},
  title = {Plants for a Future: Edible, medicinal and useful plants for a healthier
	world},
  howpublished = {Online Database (Accessed 01 December 2008)},
  owner = {harishcm},
  timestamp = {2008.12.01},
  url = {http://www.pfaf.org}
}

@MISC{USDA,
  author = {USDA and ARS and {National Genetic Resources Program}},
  title = {{Germplasm Resources Information Network - (GRIN)}},
  howpublished = {Online Database (Accessed 01 December 2008)},
  note = {National Germplasm Resources Laboratory, Beltsville, Maryland},
  owner = {harishcm},
  timestamp = {2008.12.01},
  url = {http://www.ars-grin.gov/npgs/searchgrin.html}
}

